<record><leader>00000cas a2200000 a 4500</leader><controlfield tag="001">32536839</controlfield><controlfield tag="008">950525d19761977caudn ne      0    0eng c</controlfield><datafield ind1=" " ind2=" " tag="010"><subfield code="a">sn 95061601 </subfield></datafield><datafield ind1=" " ind2=" " tag="040"><subfield code="a">CNK</subfield><subfield code="b">eng</subfield><subfield code="c">CNK</subfield><subfield code="d">OCLCQ</subfield><subfield code="d">CNK</subfield><subfield code="d">OCLCQ</subfield><subfield code="d">OCLCF</subfield><subfield code="d">OCLCO</subfield></datafield><datafield ind1="1" ind2=" " tag="029"><subfield code="a">AU@</subfield><subfield code="b">000011737931</subfield></datafield><datafield ind1=" " ind2=" " tag="042"><subfield code="a">pcc</subfield></datafield><datafield ind1=" " ind2=" " tag="043"><subfield code="a">n-us-ca</subfield></datafield><datafield ind1="0" ind2=" " tag="130"><subfield code="a">Valley news and green sheet (Van Nuys, Calif. : South Valley ed.)</subfield></datafield><datafield ind1="1" ind2="0" tag="245"><subfield code="a">Valley news and green sheet.</subfield></datafield><datafield ind1=" " ind2=" " tag="250"><subfield code="a">South Valley ed.</subfield></datafield><datafield ind1=" " ind2=" " tag="260"><subfield code="a">Van Nuys, Calif. :</subfield><subfield code="b">Van Nuys Pub. Co.</subfield></datafield><datafield ind1=" " ind2=" " tag="300"><subfield code="a">v.</subfield></datafield><datafield ind1=" " ind2=" " tag="310"><subfield code="a">Daily (except Sat. &amp; Mon.)</subfield></datafield><datafield ind1="0" ind2=" " tag="362"><subfield code="a">Vol. 65, no. 150 (Mar. 31, 1976)-v. 67, no. 41 (Sept. 9, 1977).</subfield></datafield><datafield ind1=" " ind2="0" tag="651"><subfield code="a">Van Nuys (Los Angeles, Calif.)</subfield><subfield code="v">Newspapers.</subfield></datafield><datafield ind1=" " ind2="7" tag="655"><subfield code="a">Newspapers.</subfield><subfield code="2">fast</subfield><subfield code="0">(OCoLC)fst01423814</subfield></datafield><datafield ind1=" " ind2="7" tag="651"><subfield code="a">California</subfield><subfield code="z">Los Angeles</subfield><subfield code="z">Van Nuys.</subfield><subfield code="2">fast</subfield><subfield code="0">(OCoLC)fst01313788</subfield></datafield><datafield ind1=" " ind2=" " tag="752"><subfield code="a">United States</subfield><subfield code="b">California</subfield><subfield code="c">Los Angeles</subfield><subfield code="d">Los Angeles.</subfield></datafield><datafield ind1="0" ind2="0" tag="780"><subfield code="t">Van Nuys news and green sheet</subfield><subfield code="w">(DLC)sn 95061596</subfield></datafield><datafield ind1="0" ind2="0" tag="785"><subfield code="t">Valley news (Van Nuys, Los Angeles, Calif.)</subfield><subfield code="w">(DLC)sn 79007015</subfield></datafield></record>